@inproceedings{he2015delving,
  title={Delving deep into rectifiers: Surpassing human-level performance on imagenet classification},
  author={He, Kaiming and Zhang, Xiangyu and Ren, Shaoqing and Sun, Jian},
  booktitle={Proceedings of the IEEE international conference on computer vision},
  pages={1026--1034},
  year={2015}
}

@inproceedings{glorot2010understanding,
  title={Understanding the difficulty of training deep feedforward neural networks},
  author={Glorot, Xavier and Bengio, Yoshua},
  booktitle={Proceedings of the thirteenth international conference on artificial intelligence and statistics},
  pages={249--256},
  year={2010}
}

@online{goodfellow2017cs231n,
  title = {Adversarial Examples and Adversarial Training (Stanford cs231n, Lecture 16)},
  date = {2017},
  organization = {YouTube},
  author = {Ian Goodfellow},
  url = {https://www.youtube.com/watch?v=CIfsB_EYsVI#t=16m32s}
}
