@article{raney,
  author  = {Raney, George},
  title   = {Functional composition patterns and power series reversion},
  journal = {Transactions of the American Mathematical Society},
  year    = 1960,
  volume  = 94,
  pages   = {441--451}
}

@book{concrete,
  author    = {Knuth, Donald E. and Patashnik, Oren and Graham, Ronald L.},
  title     = {Concrete mathematics: a foundation for computer science},
  chapter   = 7,
  publisher = Addison-Wesley,
  year      = 1998
}

