% TODO Clean up this file. There are leftover references from Raney's lemmas.

@book{concrete,
  author    = {Knuth, Donald E. and Patashnik, Oren and Graham, Ronald L.},
  title     = {Concrete mathematics: a foundation for computer science},
  chapter   = 7,
  publisher = Addison-Wesley,
  year      = 1998
}

@article{raney,
  author  = {Raney, George},
  title   = {Functional composition patterns and power series reversion},
  journal = {Transactions of the American Mathematical Society},
  year    = 1960,
  volume  = 94,
  pages   = {441--451}
}

@book{stanley,
  author    = {Stanley, Richard P.},
  title     = {Enumerative Combinatorics, Volume 1},
  publisher = {Cambridge University Press},
  year      = 1997
}

@misc{s-j-t-alg,
  author    = "Wikipedia",
  title     = "Steinhaus-Johnson-Trotter algorithm --- {W}ikipedia{,} The Free Encyclopedia",
  year      = 2015,
  url       = "http://en.wikipedia.org/wiki/Steinhaus-Johnson-Trotter_algorithm",
  note      = "[Online; accessed 6-June-2015]"
}
